<record><leader>00000cas a2200000 a 4500</leader><controlfield tag="001">36318832</controlfield><controlfield tag="008">970204d19581959miuwr n       0    0eng c</controlfield><datafield ind1=" " ind2=" " tag="010"><subfield code="a">sn 97063129 </subfield></datafield><datafield ind1=" " ind2=" " tag="040"><subfield code="a">MHN</subfield><subfield code="b">eng</subfield><subfield code="c">MHN</subfield><subfield code="d">OCL</subfield><subfield code="d">OCLCQ</subfield><subfield code="d">OCLCO</subfield><subfield code="d">OCLCA</subfield></datafield><datafield ind1="1" ind2=" " tag="029"><subfield code="a">AU@</subfield><subfield code="b">000013092648</subfield></datafield><datafield ind1=" " ind2=" " tag="042"><subfield code="a">pcc</subfield></datafield><datafield ind1=" " ind2=" " tag="043"><subfield code="a">n-us-mi</subfield></datafield><datafield ind1="0" ind2="4" tag="245"><subfield code="a">The clipper-herald the Crystal dispatch and the Sheridan citizen.</subfield></datafield><datafield ind1="1" ind2="3" tag="246"><subfield code="a">Clipper-herald and the Crystal dispatch</subfield></datafield><datafield ind1=" " ind2=" " tag="260"><subfield code="a">Stanton, Mich. :</subfield><subfield code="b">Clarence V. Smazel</subfield></datafield><datafield ind1=" " ind2=" " tag="300"><subfield code="a">v.</subfield></datafield><datafield ind1=" " ind2=" " tag="310"><subfield code="a">Weekly</subfield></datafield><datafield ind1="0" ind2=" " tag="362"><subfield code="a">Vol. 80, no. 40 (Mar. 27, 1958)-v. 83, no. 23 (Dec. 10, 1959).</subfield></datafield><datafield ind1=" " ind2="0" tag="651"><subfield code="a">Sheridan (Mich.)</subfield><subfield code="v">Newspapers.</subfield></datafield><datafield ind1=" " ind2="0" tag="651"><subfield code="a">Crystal (Mich.)</subfield><subfield code="v">Newspapers.</subfield></datafield><datafield ind1=" " ind2="0" tag="651"><subfield code="a">Stanton (Mich.)</subfield><subfield code="v">Newspapers.</subfield></datafield><datafield ind1=" " ind2="0" tag="651"><subfield code="a">Montcalm County (Mich.)</subfield><subfield code="v">Newspapers.</subfield></datafield><datafield ind1=" " ind2=" " tag="752"><subfield code="a">United States</subfield><subfield code="b">Michigan</subfield><subfield code="c">Montcalm</subfield><subfield code="d">Stanton.</subfield></datafield><datafield ind1="1" ind2="4" tag="780"><subfield code="t">Sheridan citizen</subfield></datafield><datafield ind1="1" ind2="4" tag="780"><subfield code="t">Clipper-herald (Stanton, Mich.)</subfield><subfield code="w">(DLC)sn 97063122</subfield><subfield code="w">(OCoLC)36318894</subfield></datafield><datafield ind1="0" ind2="0" tag="785"><subfield code="t">Montcalm County news</subfield><subfield code="w">(DLC)sn 97063123</subfield><subfield code="w">(OCoLC)36318740</subfield></datafield></record>